@article{ames1995electoral,
  title={Electoral strategy under open-list proportional representation},
  author={Ames, Barry},
  journal={American Journal of Political Science},
  pages={406--433},
  year={1995},
  publisher={JSTOR}
}

@article{abranches1988,
  title={Presidencialismo de coaliz{\~a}o: o dilema institucional brasileiro},
  author={Abranches, S{\'e}rgio},
  journal={Dados},
  volume={31},
  number={1},
  pages={5--38},
  year={1988},
  publisher={Iuperj Rio de Janeiro}
}

@techreport{aldrich2011,
  title={Dimensionality in Congress: Alternative Sources of Low-Dimensionality in Scaled Roll-Call Analyses},
  author={Aldrich, John and Montgomery, Jacob and Sparks, David},
  year={2011},
  institution={Mimeo, Duke University},
  address={Durham}
}

@article{aldrich1997,
  title={The transition to Republican rule in the House: Implications for theories of congressional politics},
  author={Aldrich, John H and Rohde, David W},
  journal={Political Science Quarterly},
  volume={112},
  number={4},
  pages={541--567},
  year={1997},
  publisher={JSTOR}
}

@book{ames2003,
  title={Os entraves da democracia no Brasil},
  author={Ames, Barry},
  year={2003},
  publisher={FGV Editora},
  address={Rio de Janeiro}
}

@article{avelino2011concentraccao,
  title={A concentra{\c{c}}{\~a}o eleitoral nas elei{\c{c}}{\~o}es paulistas: medidas e aplica{\c{c}}{\~o}es},
  author={Avelino Filho, George and Biderman, Ciro and Silva, Glauco Peres da},
  year={2011},
  address={Rio de Janeiro},
  publisher={Instituto de Estudos Sociais e Pol{\'\i}ticos (IESP) da Universidade do Estado do Rio de Janeiro (UERJ)}
}

@book{bignotto2003,
  title={Maquiavel},
  author={Bignotto, Newton},
  year={2003},
  address={Rio de Janeiro},
  publisher={Zahar}
}  

@book{bignotto1991,
  title={Maquiavel republicano},
  author={Bignotto, Newton},
  year={1991},
  address={S{\~a}o Paulo},
  publisher={Loyola}
}

@book{bobbio1980,
  title={A teoria das formas de governo},
  author={Bobbio, Norberto},
  year={1980},
  address={Bras{\'\i}lia},
  publisher={Editora Universidade de Bras{\'\i}lia}
}

@article{borges2011conexion,
  title={La conexi{\'o}n subnacional: geograf{\'\i}a del voto y coaliciones electorales en el federalismo brasile{\~n}o},
  author={Borges, Andr{\'e} and Sanchez Filho, Alvino and Rocha, Carlos},
  journal={Revista SAAP},
  volume={5},
  number={2},
  pages={0--0},
  year={2011},
  publisher={SciELO Argentina}
}

@article{borges2016eleiccoes,
  title={Elei{\c{c}}{\~o}es legislativas e geografia do voto em contexto de preponder{\^a}ncia do Executivo},
  author={Borges, Andr{\'e} and Paula, Carolina de and Silva, Adriano da N{\'o}brega},
  journal={Revista de Sociologia e Pol{\'\i}tica},
  volume={24},
  number={58},
  pages={31--58},
  year={2016},
  publisher={SciELO Brasil}
}

@book{burke1982,
  title={Reflex{\~o}es sobre a Revolu{\c{c}}{\~a}o em Fran{\c{c}}a. tradu{\c{c}}{\~a}o de Renato de A},
  author={BURKE, Edmund},
  publisher={Editora Universidade de Bras{\'\i}lia},
  address={Bras{\'\i}lia},
  year={1982}
}

@article{carey1995incentives,
  title={Incentives to cultivate a personal vote: A rank ordering of electoral formulas},
  author={Carey, John M and Shugart, Matthew Soberg},
  journal={Electoral studies},
  volume={14},
  number={4},
  pages={417--439},
  year={1995},
  publisher={Elsevier}
}

@article{cassimiro2015,
  title={O contrato hist{\'o}rico contra o direito natural: a cr{\'\i}tica {\`a} Revolu{\c{c}}{\~a}o Francesa e o nascimento do conservadorismo moderno na obra de Edmund Burke},
  author={Cassimiro, Paulo Henrique Paschoeto},
  journal={S{\ae}culum--Revista de Hist{\'o}ria},
  number={33},
  pages={375--394},
  year={2015}
}

@book{cooper1970,
  title={The origins of the standing committees and the development of the modern house},
  author={Cooper, Joseph},
  volume={56},
  number={3},
  year={1970},
  address={Houston},
  publisher={Rice University}
}

@article{cox1990centripetal,
  title={Centripetal and centrifugal incentives in electoral systems},
  author={Cox, Gary W},
  journal={American Journal of Political Science},
  pages={903--935},
  year={1990},
  publisher={JSTOR}
}

@book{cox1993,
  title={Legislative leviathan: party government in the House},
  author={Gary Cox and Mathew McCubbins},
  year={1993},
  address={Berkeley},
  publisher={University of California Press}
}  

@article{cox1996strategic,
  title={Strategic voting under proportional representation},
  author={Cox, Gary W and Shugart, Matthew Soberg},
  journal={The Journal of Law, Economics, and Organization},
  volume={12},
  number={2},
  pages={299--324},
  year={1996},
  publisher={Oxford University Press}
}

@article(diermeier2003,
  title={Institutionalism as a methodology},
  author={Daniel Diermeier and Keith Krehbiel},
  journal={Journal of Theoretical Politics},
  volume={49},
  number={4},
  pages={803-832},
  year={2003}
}  

@article{falcao2013,
  title={As formas do Principado Maquiaveliano},
  author={Lu{\'\i}s Falc{\~a}o},
  journal={Revista Estudos Hum(e)anos},
  address={Niter{\'o}i},
  number={6},
  pages={51--73},
  year={2013}
}

@book{figueiredo1999,
  title={Executivo e Legislativo na nova ordem constitucional},
  author={Figueiredo, Argelina Cheibub and Limongi, Fernando},
  year={1999},
  address={Rio de Janeiro},
  publisher={Editora FGV}
}

@article{fleischer1976concentraccao,
  title={Concentra{\c{c}}{\~a}o e dispers{\~a}o eleitoral-um estudo da distribui{\c{c}}{\~a}o geogr{\'a}fica do voto em Minas Gerais (1966-1974)},
  author={Fleischer, David V},
  journal={Revista de Ci{\^e}ncia Pol{\'\i}tica},
  volume={19},
  number={3},
  pages={15--36},
  year={1976}
}

@article{gamm1989,
  title={Emergence of legislative institutions: Standing committees in the House and Senate, 1810-1825},
  author={Gamm, Gerald and Shepsle, Kenneth},
  journal={Legislative Studies Quarterly},
  pages={39--66},
  year={1989},
  publisher={JSTOR}
}

@phdthesis{guarnieri2009forcca,
  title={A for{\c{c}}a dos partidos fracos-um estudo sobre a organiza{\c{c}}{\~a}o dos partidos brasileiros e seu impacto na coordena{\c{c}}{\~a}o eleitoral},
  author={Guarnieri, Fernando Henrique Eduardo},
  year={2009},
  school={Universidade de S{\~a}o Paulo}
}

@article{guarnieri2011forcca,
  title={A for{\c{c}}a dos partidos" fracos"},
  author={Guarnieri, Fernando},
  journal={Dados-Revista de Ci{\^e}ncias Sociais},
  volume={54},
  number={1},
  year={2011},
  publisher={Universidade do Estado do Rio de Janeiro}
}

@article{jasmin1997,
  title={Tocqueville, a Provid{\^e}ncia e a Hist{\'o}ria},
  author={Jasmin, Marcelo Gantus},
  journal={Dados},
  volume={40},
  number={2},
  year={1997},
  publisher={SciELO Brasil}
}

@article{jenkins1998,
  title={Property rights and the emergence of standing committee dominance in the nineteenth-century House},
  author={Jenkins, Jeffery A},
  journal={Legislative Studies Quarterly},
  pages={493--519},
  year={1998},
  publisher={JSTOR}
}

@book{king1994,
  title={Designing social inquiry: Scientific inference in qualitative research},
  author={King, Gary and Keohane, Robert O and Verba, Sidney},
  year={1994},
  address={Princeton},
  publisher={Princeton University Press}
}

@article{kinzo2004patrones,
  title={Patrones de competencia electoral en la disputa por la C{\'a}mara de Diputados en Brasil (1994-2002)},
  author={Kinzo, M and Martins, Jos{\'e} Paulo and Borin, Ivan},
  journal={Am{\'e}rica Latina Hoy},
  number={38},
  year={2004},
  publisher={Universidad de Salamanca}
}


@book{krehbiel1992,
  title={Information and legislative organization},
  author={Keith Krehbiel},
  year={1992},
  address={Ann Harbor},
  publisher={University of Michigan Press},
}

@article{kritsch2001,
  title={Maquiavel e a constru{\c{c}}{\~a}o da pol{\'\i}tica},
  author={Kritsch, Raquel},
  journal={Revista Lua Nova},
  address={S{\~a}o Paulo},
  number={53},
  pages={181--190},
  year={2001}
}

@article{lago2014conexao,
  title={Conex{\~a}o eleitoral e reelei{\c{c}}{\~a}o entre deputados federais do sul do Brasil/1998-2010},
  author={Lago, Ivann Carlos and Rotta, Edemar},
  journal={Revista de Sociologia e Pol{\'\i}tica},
  volume={22},
  number={49},
  pages={139--156},
  year={2014},
  publisher={SciELO Brasil}
}

@book{leal2012coronelismo,
  title={Coronelismo, enxada e voto: o munic{\'\i}pio e o regime representativo no Brasil},
  author={Leal, Victor Nunes},
  year={2012},
  publisher={Editora Companhia das Letras}
}

@article{lewis2015forecasting,
  title={Forecasting elections in Europe: Synthetic models},
  author={Lewis-Beck, Michael S and Dassonneville, Ruth},
  journal={Research \& Politics},
  volume={2},
  number={1},
  pages={2053168014565128},
  year={2015},
  publisher={SAGE Publications Sage UK: London, England}
}

@misc{maquiavel2004,
  title={O pr{\'\i}ncipe, trad. Maria J{\'u}lia Goldwasser},
  author={Maquiavel, Nicolau},
  year={2004},
  address={S{\~a}o Paulo},
  publisher={Martins Fontes}
}

@book{mainwaring2001,
  title={Sistemas partid{\'a}rios em novas democracias: o caso do Brasil},
  author={Mainwaring, Scott},
  year={2001},
  address={Porto Alegre},
  publisher={Mercado Aberto}
}

@book{mayhew1974,
  title={Congress: The electoral connection},
  author={Mayhew, David R},
  year={1974},
  address={New Haven},
  publisher={Yale University Press}
}

@article{mitchell2000,
  title={Voters and their representatives: electoral institutions and delegation in parliamentary democracies},
  author={Paul Mitchell},
  journal={European Journal of Political Research},
  volume={37},
  number={3},
  pages={335--351},
  year={2000}
}

@article{nicolau2006sistema,
  title={O sistema eleitoral de lista aberta no Brasil},
  author={Nicolau, Jairo},
  journal={DADOS-Revista de ci{\^e}ncias sociais},
  volume={49},
  number={4},
  year={2006},
  address={Rio de Janeiro},
  publisher={SciELO Brasil}
}

@book{robespierre1999,
  address={Rio de Janeiro},
  publisher={EdUERJ},
  author={Robespierre, Maximilien},
  title={Discursos e Relat{\'o}rios na Conven{\c{c}}{\~a}o},
  year={1999}
}

@article{santos2003bota,
  title={O “bota-abaixo” revisitado: o Executivo municipal e as reformas urbanas no Rio de Janeiro (1903-2003)},
  author={Santos, Angela Moulin Sim{\~o}es Penalva and Motta, Marly Silva da},
  journal={Revista Rio de Janeiro},
  volume={10},
  year={2003}
}

@book{santos2011,
  title={Fundamentos informacionais do presidencialismo de coaliz{\~a}o},
  author={Santos, Fabiano Guilherme Mendes and Almeida, Acir},
  year={2011},
  publisher={Editora Appris}
}

@article{schickler2000,
  title={Institutional change in the House of Representatives, 1867--1998: a test of partisan and ideological power balance models},
  author={Schickler, Eric},
  journal={American Political Science Review},
  volume={94},
  number={2},
  pages={269--288},
  year={2000},
  publisher={Cambridge University Press}
}

@article{silva2013avaliaccao,
  title={Uma avalia{\c{c}}{\~a}o emp{\'\i}rica da competi{\c{c}}{\~a}o eleitoral para a C{\^a}mara Federal no Brasil},
  author={Silva, Glauco Peres da},
  journal={Opini{\~a}o P{\'u}blica},
  volume={19},
  number={2},
  pages={403--429},
  year={2013},
  publisher={SciELO Brasil}
}

@article{silva2017mesmas,
  title={Mesmas institui{\c{c}}{\~o}es, mesmos resultados? Comparando o efeito da competi{\c{c}}{\~a}o eleitoral sobre os n{\'\i}veis de concentra{\c{c}}{\~a}o de votos},
  author={Silva, Glauco Peres da},
  journal={Opini{\~a}o P{\'u}blica},
  volume={23},
  number={3},
  pages={682--713},
  year={2017},
  publisher={SciELO Brasil}
}

@article{skinner1988,
  title={Maquiavel: pensamento pol{\'\i}tico},
  author={Skinner, Quentin},
  journal={Brasiliense},
  year={1988}
}

@misc{skinner2000,
  title={As funda{\c{c}}{\~o}es do pensamento pol{\'\i}tico moderno},
  author={Skinner, Quentin},
  year={2000},
  address={S{\~a}o Paulo},
  publisher={Companhia das Letras}
}

@book{skinner2010,
  title={Maquiavel},
  author={Skinner, Quentin},
  year={2010},
  address={Porto Alegre},
  publisher={L\&PM}
}

@article{sousa2012organizacion,
  title={Organizaci{\'o}n, territorio y sistema partidario: difusi{\'o}n territorial de la organizaci{\'o}n de los partidos y sus potenciales impactos sobre la estructura del sistema partidario en Brasil},
  author={Sousa Braga, Mar{\'\i}a do Socorro and Rodrigues-Silveira, Rodrigo},
  journal={Am{\'e}rica Latina Hoy},
  volume={62},
  year={2012},
  publisher={Universidad de Salamanca}
}

@article{terron2012ha,
  title={H{\'a} padr{\~o}es espaciais de representatividade na C{\^a}mara Municipal do Rio de Janeiro? An{\'a}lise dos territ{\'o}rios eleitorais dos eleitos em 2008},
  author={Terron, Sonia and Ribeiro, Andrezza and Lucas, Joyce Fonseca},
  journal={Teoria e Pesquisa},
  volume={21},
  number={1},
  pages={28--47},
  year={2012}
}

@book{tilly1996,
  title={Coer{\c{c}}{\~a}o, capital e Estados europeus 1990-1992},
  author={Tilly, Charles},
  address={S{\~a}o Paulo},
  year={1996},
  publisher={Edusp}
}

@book{tocqueville1997,
  title={O antigo regime e a revolu{\c{c}}{\~a}o},
  author={Tocqueville, Alexis de},
  address={Bras{\'\i}lia},
  publisher={Editora UnB},
  year={1997}
}  

@inproceedings{tomio2009conexao,
  title={A conex{\~a}o eleitoral no contexto das assembl{\'e}ias legislativas estaduais brasileiras: mito ou realidade?},
  author={Tomio, Fabricio and RICCI, Paolo},
  booktitle={Rio de Janeiro. LASA 2009 Congress of the Latin American Studies Association},
  year={2009}
}

@article{weingast1988,
  title={The industrial organization of Congress; or, why legislatures, like firms, are not organized as markets},
  author={Weingast, Barry R and Marshall, William J},
  journal={Journal of Political Economy},
  volume={96},
  number={1},
  pages={132--163},
  year={1988},
  publisher={The University of Chicago Press}
}

@book{wickham2016,
  title={R for data science: import, tidy, transform, visualize, and model data},
  author={Wickham, Hadley and Grolemund, Garrett},
  year={2016},
  publisher={" O'Reilly Media, Inc."}
}

@article{zucco2009,
  title={Ideology or what? Legislative behavior in multiparty presidential settings},
  author={Cesar Zucco},
  journal={The Journal of Politics},
  volume={71},
  number={3},
  pages={1076--1092},
  year={2009},
  address={Nova Iorque},
  publisher={Cambridge University Press}
}

@data{zucco2009dados,
author = {Cesar Zucco},
publisher = {Harvard Dataverse},
title = {Replication data for: Ideology or What? Legislative Behavior in Multiparty Presidential Settings},
year = {2009},
doi = {1902.1/12783},
url = {http://hdl.handle.net/1902.1/12783}
}
